%% This BibTeX bibliography file was created using BibDesk.
%% http://bibdesk.sourceforge.net/


%% Created for Marie Vendettuoli at 2012-04-18 16:12:08 -0500 


%% Saved with string encoding Unicode (UTF-8) 



@inproceedings{hammock,
	Author = {M Schonlau},
	Booktitle = {Proceedings of the Section on Statistical Graphics},
	Date-Added = {2012-04-18 16:10:00 -0500},
	Date-Modified = {2012-04-18 16:12:08 -0500},
	Organization = {RAND Corporation},
	Publisher = {American Statistical Association},
	Title = {Visualizing Categorical Data Arising in the Health Sciences Using Hammock Plots},
	Year = {2003}}

@manual{keggdb,
	Author = {M Carlson and S Falcon and H Pages and N Li},
	Date-Added = {2012-04-16 17:01:18 -0500},
	Date-Modified = {2012-04-16 17:02:39 -0500},
	Edition = {R package version 2.6.1},
	Title = {KEGG.db: A set of annotation maps for KEGG}}

@article{ucsc10,
	Author = {PA Fujita and B Rhead and AS Zweig and AS Hinrichs and D Karolchik and MS Cline and M Goldman and GP Barber and H Clawson and A Coelho and M Diekhans and TR Dreszer and BM Giardine and RA Harte and J Hillman-Jackson and F Hsu and V Kirkup and RM Kuhn and K Learned and CH Li and LR Meyer and A Pohl and BJ Raney and KR Rosenboloom and KE Smith and D Haussler and WJ Kent},
	Date-Added = {2012-04-16 15:02:44 -0500},
	Date-Modified = {2012-04-16 15:05:28 -0500},
	Journal = {Nucleic Acids Res.},
	Month = {October},
	Title = {The UCSC Genome Browser database: update 2011},
	Year = {2010}}

@article{ucsc02,
	Author = {WJ Kent and CW Sugnet TS Furey and KM Roskin and TH Pringle and AM Zahler and D Haussler},
	Date-Added = {2012-04-16 15:01:42 -0500},
	Date-Modified = {2012-04-16 15:02:42 -0500},
	Journal = {Genome Research},
	Number = {6},
	Pages = {996-1006},
	Title = {The human genome browser at UCSC},
	Volume = {12},
	Year = {2002}}

@article{KEGG00,
	Author = {M Kanehisa and S Goto},
	Date-Added = {2012-04-16 14:57:43 -0500},
	Date-Modified = {2012-04-16 14:58:23 -0500},
	Journal = {Nucleic Acids Res.},
	Pages = {27-30},
	Title = {KEGG: Kyoto Encyclopedia of Genes and Genomes},
	Volume = {28},
	Year = {2000}}

@article{KEGG12,
	Author = {M Kanehisa and S Goto and Y Sato and M Furumichi and M Tanabe},
	Date-Added = {2012-04-16 14:55:09 -0500},
	Date-Modified = {2012-04-16 14:57:40 -0500},
	Journal = {Nucleic Acids Res.},
	Pages = {D109-D114},
	Title = {KEGG for integration and interpretation of large-scale molecular datasets.},
	Volume = {40},
	Year = {2012}}

@url{circosdata,
	Author = {MI Krzywinski},
	Date-Added = {2012-04-16 14:54:10 -0500},
	Date-Modified = {2012-04-16 15:09:59 -0500},
	Lastchecked = {April 15, 2012},
	Title = {Visualizing Tables and Tabular Data with Circos},
	Url = {http://circos.ca/intro/tabular_visualization/},
	Year = {2011},
	Bdsk-Url-1 = {http://circos.ca/intro/tabular_visualization/}}

@article{titanic,
	Author = {Rober J MacG Dawson},
	Date-Added = {2012-04-16 14:52:24 -0500},
	Date-Modified = {2012-04-16 14:53:15 -0500},
	Journal = {Journal of Statistics Education},
	Number = {3},
	Title = {The 'Unusual Episode' Data Revisited},
	Volume = {3},
	Year = {1995}}

@article{krzywinski09,
	Author = {MI Krzywinski and JE Schein and I Birol and J Connors and R Gascoyne and D Horsman and SJ Jones and MA Marra},
	Date-Added = {2012-04-16 14:41:28 -0500},
	Date-Modified = {2012-04-16 14:42:50 -0500},
	Journal = {Genome Research},
	Title = {Circos: an Information Aesthetic for Comparative Genomics},
	Year = {2009}}

@article{Ekdahl04,
	Author = {S Ekdahl and ELL Sonnhammer},
	Date-Added = {2012-04-16 14:40:32 -0500},
	Date-Modified = {2012-04-16 14:41:24 -0500},
	Journal = {Bioinformatics},
	Number = {4},
	Pages = {576:577},
	Title = {ChromoWheel: a new spin on eukaroytic chromosome visualization.},
	Volume = {20},
	Year = {2004}}

@article{aumann99,
	Author = {Y Aumann and R Feldman and Y Ben Yehuda and D Landau and O Liphstat and Y Schler},
	Date-Added = {2012-04-16 14:38:23 -0500},
	Date-Modified = {2012-04-16 14:40:28 -0500},
	Journal = {Principles of Data Mining and Knowledge Discovery},
	Pages = {277:282},
	Title = {Circle Graphs: New Visualization Tools for Text-Mining.},
	Volume = {1704},
	Year = {1999}}
